<collection xmlns="http://www.loc.gov/MARC21/slim">
<record>
  <leader>02234nam0a2200445 i 450 </leader>
  <controlfield tag="001">IT\ICCU\CNCE\023025</controlfield>
  <controlfield tag="005">20040303000000.0</controlfield>
  <datafield tag="012" ind1=" " ind2=" ">
    <subfield code="a">recu osdi t.am neu+ (C) 1513 (R)</subfield>
    <subfield code="2">fei</subfield>
  </datafield>
  <datafield tag="100" ind1=" " ind2=" ">
    <subfield code="a">19970101d1513        0itac0103    ba</subfield>
  </datafield>
  <datafield tag="101" ind1=" " ind2=" ">
    <subfield code="a">LAT</subfield>
  </datafield>
  <datafield tag="102" ind1=" " ind2=" ">
    <subfield code="a">IT</subfield>
  </datafield>
  <datafield tag="200" ind1="1" ind2=" ">
    <subfield code="a">De Stellis; Poeticon astronomicon</subfield>
  </datafield>
  <datafield tag="210" ind1=" " ind2=" ">
    <subfield code="a">Papiae</subfield>
    <subfield code="c">impressum arte et industria Jacob Paucidrapensis de Burgofranco</subfield>
    <subfield code="c">sumptibus heredum Octauiani Scoti et sociorum</subfield>
    <subfield code="d">1513</subfield>
  </datafield>
  <datafield tag="215" ind1=" " ind2=" ">
    <subfield code="a">\52! c.</subfield>
    <subfield code="c">ill.</subfield>
    <subfield code="d">4ʻ</subfield>
  </datafield>
  <datafield tag="620" ind1=" " ind2=" ">
    <subfield code="a">IT</subfield>
    <subfield code="d">Pavia</subfield>
  </datafield>
  <datafield tag="700" ind1=" " ind2="0">
    <subfield code="a">Hyginus</subfield>
    <subfield code="3">IT\ICCU\CNCA\006531</subfield>
  </datafield>
  <datafield tag="712" ind1="0" ind2="0">
    <subfield code="a">Pocatela, Giacomo</subfield>
    <subfield code="3">IT\ICCU\CNCT\000347</subfield>
    <subfield code="4">650</subfield>
  </datafield>
  <datafield tag="712" ind1="0" ind2="0">
    <subfield code="a">Scoto, Ottaviano &lt;1.&gt; - eredi &amp; C.</subfield>
    <subfield code="3">IT\ICCU\CNCT\002931</subfield>
    <subfield code="4">650</subfield>
  </datafield>
  <datafield tag="790" ind1=" " ind2="0">
    <subfield code="a">Hyginus</subfield>
    <subfield code="c"> &lt;Mythographus&gt;</subfield>
    <subfield code="3">IT\ICCU\CNCA\022856</subfield>
    <subfield code="z">Hyginus</subfield>
  </datafield>
  <datafield tag="790" ind1=" " ind2="0">
    <subfield code="a">Hyginus</subfield>
    <subfield code="c"> &lt;Astronomus&gt;</subfield>
    <subfield code="3">IT\ICCU\CNCA\022857</subfield>
    <subfield code="z">Hyginus</subfield>
  </datafield>
  <datafield tag="790" ind1=" " ind2="0">
    <subfield code="a">Igino</subfield>
    <subfield code="c"> &lt;Astronomo&gt;</subfield>
    <subfield code="3">IT\ICCU\CNCA\022858</subfield>
    <subfield code="z">Hyginus</subfield>
  </datafield>
  <datafield tag="791" ind1="0" ind2="0">
    <subfield code="a">Burgofrancho, Iacob de</subfield>
    <subfield code="3">IT\ICCU\CNCT\002277</subfield>
    <subfield code="z">Pocatela, Giacomo</subfield>
  </datafield>
  <datafield tag="791" ind1="0" ind2="0">
    <subfield code="a">Paucisdrapis, Iacob de</subfield>
    <subfield code="3">IT\ICCU\CNCT\002278</subfield>
    <subfield code="z">Pocatela, Giacomo</subfield>
  </datafield>
  <datafield tag="791" ind1="0" ind2="0">
    <subfield code="a">Pulchridrapensis, Iacob</subfield>
    <subfield code="3">IT\ICCU\CNCT\002279</subfield>
    <subfield code="z">Pocatela, Giacomo</subfield>
  </datafield>
  <datafield tag="791" ind1="0" ind2="0">
    <subfield code="a">Paucidrapensis, Iacob</subfield>
    <subfield code="3">IT\ICCU\CNCT\005452</subfield>
    <subfield code="z">Pocatela, Giacomo</subfield>
  </datafield>
  <datafield tag="791" ind1="0" ind2="0">
    <subfield code="a">Paucisdrapius, Iacob</subfield>
    <subfield code="3">IT\ICCU\CNCT\005454</subfield>
    <subfield code="z">Pocatela, Giacomo</subfield>
  </datafield>
  <datafield tag="801" ind1=" " ind2="3">
    <subfield code="a">IT</subfield>
    <subfield code="b">ICCU</subfield>
    <subfield code="c">20201114</subfield>
  </datafield>
  <datafield tag="899" ind1=" " ind2=" ">
    <subfield code="a">Biblioteca citt ̉di Arezzo. Arezzo</subfield>
    <subfield code="1">AR0070</subfield>
    <subfield code="2">RT1 QA</subfield>
  </datafield>
  <datafield tag="899" ind1=" " ind2=" ">
    <subfield code="a">Biblioteca universitaria. Bologna</subfield>
    <subfield code="1">BO0098</subfield>
    <subfield code="2">UBO BU</subfield>
  </datafield>
  <datafield tag="899" ind1=" " ind2=" ">
    <subfield code="a">Biblioteca universitaria. Genova</subfield>
    <subfield code="z">MUTILO</subfield>
    <subfield code="1">GE0038</subfield>
    <subfield code="2">LIG 01</subfield>
  </datafield>
  <datafield tag="899" ind1=" " ind2=" ">
    <subfield code="a">Biblioteca Ambrosiana. Milano</subfield>
    <subfield code="1">MI0133</subfield>
    <subfield code="2">VBA 01</subfield>
  </datafield>
  <datafield tag="899" ind1=" " ind2=" ">
    <subfield code="a">Biblioteca nazionale Braidense. Milano</subfield>
    <subfield code="1">MI0185</subfield>
    <subfield code="2">MIL NB</subfield>
  </datafield>
  <datafield tag="899" ind1=" " ind2=" ">
    <subfield code="a">Biblioteca comunale Teresiana. Mantova</subfield>
    <subfield code="1">MN0035</subfield>
    <subfield code="2">LO1 12</subfield>
  </datafield>
  <datafield tag="899" ind1=" " ind2=" ">
    <subfield code="a">Biblioteca centrale della Regione siciliana Alberto Bombace. Palermo</subfield>
    <subfield code="1">PA0064</subfield>
    <subfield code="2">PAL BP</subfield>
  </datafield>
  <datafield tag="899" ind1=" " ind2=" ">
    <subfield code="a">Biblioteca comunale Giosu ̈Carducci. Spoleto</subfield>
    <subfield code="1">PG0168</subfield>
    <subfield code="2">UM1 08</subfield>
  </datafield>
  <datafield tag="899" ind1=" " ind2=" ">
    <subfield code="a">Biblioteca universitaria Alessandrina. Roma</subfield>
    <subfield code="1">RM0280</subfield>
    <subfield code="2">RML 01</subfield>
  </datafield>
  <datafield tag="899" ind1=" " ind2=" ">
    <subfield code="a">Biblioteca nazionale universitaria. Torino</subfield>
    <subfield code="1">TO0265</subfield>
    <subfield code="2">TO0 02</subfield>
  </datafield>
  <datafield tag="899" ind1=" " ind2=" ">
    <subfield code="a">Biblioteca del Seminario vescovile. Treviso</subfield>
    <subfield code="1">TV0113</subfield>
    <subfield code="2">VIA TS</subfield>
  </datafield>
  <datafield tag="899" ind1=" " ind2=" ">
    <subfield code="a">British Library. London</subfield>
    <subfield code="1">UK0001</subfield>
  </datafield>
  <datafield tag="899" ind1=" " ind2=" ">
    <subfield code="a">Biblioteca nazionale Marciana. Venezia</subfield>
    <subfield code="1">VE0049</subfield>
    <subfield code="2">VEA BM</subfield>
  </datafield>
</record>
</collection>
